@misc {
	etrs89,
	author = {Zuheir Altamimi},
	title = {{EUROPEAN TERRESTRIAL REFERENCE SYSTEM 89}},
	howpublished = "\url{http://etrs89.ensg.ign.fr}",
	year = {1989},
}

@misc {
	laeae,
	author = {epsg.io},
	title = {{EPSG:3035}},
	howpublished = "\url{https://epsg.io/3035}",
	year = {2019},
}

@misc {
	kern,
	author = "Linus Torvalds",
	title = "Linux 5.13.7",
	howpublished = "\url{https://www.kernel.org}",
	year = "2021",
}

@misc {
	psql,
	author = {PostgreSQL Global Development Group},
	title = {{PostgreSQL 13}},
	howpublished = "\url{https://www.postgresql.org}",
	year = {2021},
}

@misc {
	cop,
	author = "Unione Europea",
	title = "Copernicus",
	howpublished = "\url{https://www.copernicus.eu/}",
	year = "2001",
}

@misc {
	mod,
	author = "Paola Russo",
	title = "Satellite Driven Fire Simulator",
	howpublished = "",
	year = "2021",
}

@misc {
	csv,
	author = "Y. Shafranovich",
	title = "Common Format and MIME Type for Comma-Separated Values (CSV) Files",
	howpublished = "\url{https://datatracker.ietf.org/doc/html/rfc4180}",
	year = "2005"
}

@article{
	gol,
	title={The fantastic combinations of John Conway’s new solitaire game “life” by Martin Gardner},
	author={Games, Mathematical},
	journal={Scientific American},
	volume={223},
	pages={120--123},
	year={1970}
}

@article {
	calib2,
	author = {Victorino Sanz and Alfonso Urquia and Alberto Leva},
	title = {CellularAutomataLib2: improving the support for cellular automata modelling in Modelica},
	journal = {Mathematical and Computer Modelling of Dynamical Systems},
	volume = {22},
	number = {3},
	pages = {244-264},
	year  = {2016},
	publisher = {Taylor & Francis},
	doi = {10.1080/13873954.2016.1163269},
	URL = {
		https://doi.org/10.1080/13873954.2016.1163269

	},
	eprint = {
		https://doi.org/10.1080/13873954.2016.1163269
	}
}

@misc {
	bd2,
	author = {Mancini, Toni},
	title = {Lecture notes for the ``Databases’’ course, B.Sc.\ in Computer Science, Sapienza University of Rome, Italy},
	howpublished = {\url{http://tmancini.di.uniroma1.it/?page=teaching.bd2}},
	year = {2021}
}
